@Article{Z62, 
  author =	 {Michael Joswig and G\"unter M. Ziegler},
  title =	 {Neighborly cubical polytopes},
  journal =	 {Discrete Comput. Geometry (Gr\"unbaum
                  Festschrift: G. Kalai, V. Klee, eds.)},
  year =	 2000,
  volume =	 {(2-3)24},
  pages =	 {325-344} 
}

@Book{PolyLec,
  author = 	 {G\"unter M. Ziegler},
  title = 	 {Lectures on Polytopes},
  year =	 1995,
  publisher =	 {Springer} ,
  series =      {Graduate Texts in Mathematics},
  volume =       152
}

@InProceedings{Z82,
  author = 	 {G\"unter M. Ziegler},
  title = 	 {Face Numbers of $4$-Polytopes and $3$-Spheres},
  booktitle = 	 {Proceedings of the International Congress of Mathematicians
                  (ICM 2002, Beijing)},
  pages =	 {625-634},
  year =	 2002,
  editor =	 {Li Tatsien},
  volume =	 {III},
  address =	 {Beijing, China},
  publisher =	 {Higher Education Press} 
}

@Article{Z102,
  author =	 {Raman Sanyal and G\"unter M. Ziegler},
  title =	 {Construction and analysis of projected deformed products},
  journal =  {Discrete Comput. Geometry},
  year =     2010,
  volume =   43,
  pages =    {412-435},
  annote =	 {\url{http://arxiv.org/abs/0710.2162}},
  annote =       {Preprint, October 2007, 29 pages;
                  submitted to DCG/Goodman with Cc to Sturmfels/Gritzmann,
                  7/8/08, accepted in revised version 1/30/09;
                  Online publication March 4, 2009; DOI 10.1007/s00454-009-9146-6},
  preprintlink = {http://arxiv.org/abs/0710.2162},
  publishedlink = {http://link.springer.com/article/10.1007%2Fs00454-009-9146-6}
}

@Book{Bollobas-Combinatorics,
  author =	 {B\'ela Bollob\'as},
  title = 	 {Combinatorics},
  publisher = 	 {Cambridge University Press},
  year = 	 1986, 
  address =	 {Cambridge} 
}

@InCollection{Ka2,
  author = 	 {Gil Kalai},
  title = {The diameter of graphs of convex polytopes and $f$-vector theory},
  booktitle = 	 {Applied Geometry and Discrete Mathematics --- 
        The Victor Klee Festschrift  (P. Gritzmann and B. Sturmfels, eds.)},
  pages =	 {387--411},
  publisher =	 {Amer. Math. Soc.},
  year =	 1991,
  volume =	 4,
  series =	 {DIMACS Series in Discrete Mathematics and 
                  Theoretical Computer Science},
  address =	 {Providence RI},
  POLYpagequote =    {85, 278}
}

@InCollection{kalai04:_polyt,
  author =	 {Gil Kalai},
  title =	 {Polytope skeletons and paths},
  booktitle =	 {Handbook of Discrete and Computational Geometry},
  pages =	 {455-476},
  publisher =	 {CRC Press},
  year =	 2004,
  editor =	 {J. E. Goodman and J. {O'Rourke}},
  chapter =	 20,
  address =	 {Boca Raton},
  edition =      {second},
  note =	 {(first edition 1997)}
}

@incollection{Kal97,
  author = 	 {Gil Kalai},
  title = 	 {Polytope skeletons and paths},
  booktitle = 	 {Handbook of Discrete and Computational Geometry},
  pages =	 {331-344},
  publisher =	 {CRC Press},
  year =	 1997,
  editor =	 {J. E. Goodman and J. {O'Rourke}},
  chapter =	 17,
  address =	 {Boca Raton},
  edition =      {first}
} %kalai97:_polyt
 
@Article{Harp,
   author = 	 {Larry H. Harper},
   title = 	 {Optimal numberings and isoperimetric problems on graphs},
   journal = 	 {J. Combinatorial Theory},
   year = 	 1966,
   volume =	 1,
   pages =	 {385--393},
   POLYpagequote =    263
}

@book{Harper2004,
   author =     {Larry H. Harper},
   title =      {Global Methods for Combinatorial Isoperimetric Problems},
   publisher =  {Cambridge University Press},
   address =    {Cambridge},
   year =       2004
}

@inproceedings{MillerThurston-separators,
  author =      {Gary L. Miller and William Thurston},
  title =       {Separators in two and three dimensions},
  booktitle =   {Proc. 22nd Ann. ACM Symp. Theory Computing (Baltimore MD, May 1990)},
  publisher =   {ACM},
  address =     {New York},
  pages =       {300-309}
}
@incollection {MR1320298,
  AUTHOR =	 {Gary L. Miller and Shang-Hua Teng and William Thurston and Stephen A. Vavasis},
  TITLE =	 {Automatic mesh partitioning},
  BOOKTITLE =	 {Graph theory and sparse matrix computation},
  SERIES =	 {IMA Vol. Math. Appl.},
  VOLUME =	 56,
  PAGES =	 {57--84},
  PUBLISHER =	 {Springer},
  ADDRESS =	 {New York},
  YEAR =	 1993
}
@Book{PachAgarwal,
  author =	 {J\'anos Pach and Pankaj K. Agarwal},
  title = 	 {Combinatorial Geometry},
  publisher = 	 {J. Wiley and Sons},
  year = 	 1995,
  address =	 {New York},
  POLYpagequote =    118
}

@inproceedings{SpielmanTeng-separators,
  author =      {Dan Spielman and Shang-Hua Teng},
  title =       {Disk packings and planar separators},
  booktitle =   {Proc. 12th Ann. ACM Symp. Comput. Geometry (Philadelphia PA, May 1996)},
  publisher =   {ACM},
  address =     {New York},
  pages =       {349-359}
}

@article {MillerTengThurstonVavasis,
  AUTHOR =	 {Gary L. Miller and Shang-Hua Teng and William Thurston and Stephen A. Vavasis},
  TITLE =	 {Separators for sphere-packings and nearest neighbor graphs},
  JOURNAL =	 {J. ACM},
  VOLUME =	 44,
  YEAR =	 1997,
  PAGES =	 {1--29} 
}MR98d:52028,

@article{MillerTengThurstonVavasis2,
  AUTHOR =	 {Gary L. Miller and Shang-Hua Teng and William Thurston and Stephen A. Vavasis},
  TITLE =	 {Geometric separators for finite element meshes},
  journal =     {SIAM J. Sci. Comput.},
  volume =      19,
  year =        1998,
  pages =       {364-386}
}

@Article{LiTa,
  author = 	 {Richard J. Lipton and Robert E. Tarjan},
  title = 	 {A separator theorem for planar graphs},
  journal = 	 {SIAM J. Applied Math.},
  year = 	 1979,
  volume =	 36,
  pages =	 {177--189},
  annote =	 {in Proc. 18th Annual IEEE Symposium Foundations of 
                  Computer Science (FOCS) 1977, 162-170},
  POLYpagequote =    116
}

@book{Spencer:Asymptopia,
  author =      {Joel Spencer and Laura Florescu},
  title =       {Asymptopia},
  series =      {Student Math. Library},
  volume =      71,
  publisher =   {Amer. Math. Soc.},
  address =     {Providence RI},
  year =        2014
}

@article{BrentiWelker-barycentric,
  author =      {Francesco Brenti and Volkmar Welker},
  title =       {$f$-Vectors of barycentric subdivisions},
  journal =     {Math. Z.},
  volume =      259,
  year =        2008, 
  pages =       {849-865}
} 

@article {Ungar1951,
author = {Ungar, Peter},
title = {A Theorem on Planar Graphs},
journal = {Journal of the London Mathematical Society},
volume = {s1-26},
number = {4},
publisher = {Oxford University Press},
issn = {1469-7750},
url = {http://dx.doi.org/10.1112/jlms/s1-26.4.256},
doi = {10.1112/jlms/s1-26.4.256},
pages = {256--262},
year = {1951},
}

@Book{Grunbaum69convexpolytopes,
author = {Branko Gr\"unbaum},
title = {Convex Polytopes},
}


@Article{EwSh,
  author = 	 {G\"unter Ewald and Geoffrey C. Shephard},
  title = {Stellar subdivisions of boundary complexes of convex polytopes},
  journal = 	 {Math. Annalen},
  year = 	 1974,
  volume =	 210,
  pages =	 {7--16},
  POLYpagequote =    97
}

@Article{ringel55:_ueber_probl_wuerf_wuerf,
  author =	 {Gerhard Ringel},
  title =	 {{\"Uber drei kombinatorische Probleme am
                  $n$-dimensionalen W\"urfel und W\"urfel\-gitter}},
  journal =	 {Abh. Math. Sem. Univ. Hamburg},
  year =	 1955,
  volume =	 20,
  pages =	 {10--19}
}

@article{joswig:_neigh,
  author =	 {Michael Joswig and Thilo R\"orig},
  title =	 {Neighborly cubical polytopes and spheres},
  journal =	{Israel J. Math.},
  year =	2007,
  volume =	159,
  pages =	{221-â€“242},
  annote =	 {Preprint, March 2005, 17~pages, , to appear;
                    \url{http://www.a
					rxiv.org/math/0503213}}
}

@InCollection{Z100,
  author =	 {G\"unter M. Ziegler},
  title =	 {Polyhedral surfaces of high genus},
  booktitle =	 {Discrete Differential Geometry},
  publisher =	 {Birkh\"auser},
  year =	 2008,
  series =	 {Oberwolfach Seminars},
  volume =	 38,
  address =	 {Basel}, 
  pages =	 {191--213}
}